vim:ts=4:sw=4

@online{biber,
	author = {Kime, Philip and Charette, Fran\c{c}ois},
	title = {Biber: A backend bibliography processor for biblatex (Version 0.9.9)},
	type = {M/OL},
	date = {2012-03-29},
	url = {http://mirror.ctan.org/biblio/biber/},
	urldate = {2012-08-01},
}

@online{biblatex,
	author = {Lehman, Philipp},
	title = {The biblatex Package: Programmable Bibliographies and Citations (Version 1.7)},
	type = {M/OL},
	date = {2011-11-13},
	url = {http://mirror.ctan.org/macros/latex/exptl/biblatex/},
	urldate = {2012-08-01},
}

@online{biblatex-caspervector,
	author = {Vector, Casper Ti.},
	title = {biblatex 参考文献和引用样式：caspervector v0.1.8},
	type = {M/OL},
	date = {2013-04-07},
	url = {https://caspervector.googlecode.com/files/biblatex-caspervector-0.1.8.zip},
	urldate = {2013-04-07},
	userf = {zh},
}

@online{ctex,
	author = {{ctex.org}},
	title = {ctex 宏包说明（v1.02c）},
	type = {M/OL},
	date = {2011-03-11},
	url = {http://mirror.ctan.org/language/chinese/ctex/},
	urldate = {2012-08-01},
	userf = {zh},
}

@online{ctex-faq,
	author = {吴凌云},
	title = {\CTeX{} FAQ（常见问题集），0.4 beta (89) 版},
	type = {M/OL},
	date = {2007-01-30},
	url = {http://mirror.ctan.org/info/ctex-faq/},
	urldate = {2012-08-01},
	userf = {zh},
}

@online{enumitem,
	author = {Bezos, Javier},
	title = {Customizing lists with the enumitem package (Version 3.5.2)},
	type = {M/OL},
	date = {2011-09-28},
	url = {http://mirror.ctan.org/macros/latex/contrib/enumitem/},
	urldate = {2012-08-01},
}

@online{fancyhdr,
	author = {van Oostrum, Piet},
	title = {Page layout in \LaTeX{}},
	type = {M/OL},
	date = {2004-03-02},
	url = {http://mirror.ctan.org/macros/latex/contrib/fancyhdr/},
	urldate = {2012-08-01},
}

@online{footmisc,
	author = {Fairbairns, Robin},
	title = {footmisc --- a portmanteau package for customising footnotes in \LaTeX{}},
	type = {M/OL},
	date = {2011-07-06},
	url = {http://mirror.ctan.org/macros/latex/contrib/footmisc/},
	urldate = {2012-08-01},
}

@online{geometry,
	author = {Umeki, Hideo},
	title = {The geometry package (v5.6)},
	type = {M/OL},
	date = {2010-09-12},
	url = {http://mirror.ctan.org/macros/latex/contrib/geometry/},
	urldate = {2012-08-01},
}

@online{graphicx,
	author = {Carlisle, D. P.},
	title = {Packages in the `graphics' bundle},
	type = {M/OL},
	date = {2005-11-14},
	url = {http://mirror.ctan.org/macros/latex/required/graphics/},
	urldate = {2012-08-01},
}

@online{hyperref,
	author = {Rahtz, Sebastian and Oberdiek, Heiko},
	title = {Hypertext marks in \LaTeX{}: a manual for hyperref (v6.82q)},
	type = {M/OL},
	date = {2012-05-13},
	url = {http://mirror.ctan.org/macros/latex/contrib/hyperref/},
	urldate = {2012-08-01},
}

@online{dypang,
	author = {dypang},
	title = {北京大学硕博论文模版（测试版）},
	type = {EB/OL},
	date = {2005-04-05},
	url = {http://bdwm.net/a.php?b/Thesis/M.1112645491.A/D10F612.rar},
	urldate = {2012-08-01},
	userf = {zh},
}

@online{FerretL,
	author = {FerretL},
	title = {新的 pku 博士论文模板},
	type = {EB/OL},
	date = {2007-03-27},
	url = {http://bdwm.net/a.php?b/Thesis/M.1174982168.A/4270722.rar},
	urldate = {2012-08-01},
	userf = {zh},
}

@online{lwolf,
	author = {lwolf},
	title = {学士(硕/博)毕业论文模板 [基于 dypang 的模板]},
	type = {EB/OL},
	date = {2007-05-15},
	url = {http://bdwm.net/a.php?b/MathTools/M.1179239165.A/5A2D5A2.rar},
	urldate = {2012-08-01},
	userf = {zh},
}

@online{Langpku,
	author = {Langpku},
	title = {Re: 关于置底模版的问题和一些修改},
	type = {EB/OL},
	date = {2007-06-01},
	url = {http://bdwm.net/a.php?b/MathTools/M.1180676700.A/DBB7810.zip},
	urldate = {2012-08-01},
	userf = {zh},
}

@online{solvethis,
	author = {solvethis},
	title = {Re: 学位论文模板更新},
	type = {EB/OL},
	date = {2008-03-13},
	url = {http://bdwm.net/a.php?b/Thesis/M.1205377509.A/9413ED2.rar},
	urldate = {2012-08-01},
	userf = {zh},
}

@online{pku-copyright,
	author = {北京大学研究生院},
	title = {北京大学学位论文版权声明(首页)},
	type = {M/OL},
	year = {2010},
	url = {http://grs.pku.edu.cn/document/20101110143928832634.doc},
	urldate = {2012-08-01},
	userf = {zh},
}

@online{pku-originauth,
	author = {北京大学研究生院},
	title = {北京大学学位论文原创性声明和使用授权说明(末页)},
	type = {M/OL},
	year = {2010},
	url = {http://grs.pku.edu.cn/document/20101110143844053593.doc},
	urldate = {2012-08-01},
	userf = {zh},
}

@incollection{pku-thesisstyle,
	author = {北京大学研究生院},
	title = {北京大学研究生学位论文的基本要求与书写格式},
	type = {M/OL},
	bookauthor = {北京大学研究生院},
	booktitle = {北京大学研究生手册},
	publisher = {北京大学},
	year = {2011},
	pages = {27-31},
	url = {http://grs.pku.edu.cn/document/20110829160841775796.doc},
	urldate = {2012-08-01},
	userf = {zh},
}

