% This file was created with JabRef 2.8.
% Encoding: GBK


@online{d3,
  url = "\url{http://d3js.org/}",
  title = "D3.js"
}

@online{jquery,
  url = "\url{http://jquery.com/}",
  title = "jQuery"
}

@online{retrosheet,
  url = "\url{http://www.retrosheet.org/}",
  title = "Retrosheet"
}

@online{mlb,
  url = "\url{http://mlb.mlb.com}",
  title = "MLB.com"
}

@online{mlbi,
  url = "\url{http://mlbillustrator.com}",
  title = "MLB Illustrator"
}
@online{espn,
  url = "\url{http://sports.espn.go.com/mlb/news/story?id=2897967}",
  title = "What are the ESPN Player Ratings?",
}
@online{ratings,
  url = "\url{http://sports.espn.go.com/mlb/news/story?id=4141568}",
  title = "Explaining the MLB Player Ratings",
}
@online{ranking_data,
  url = "\url{http://espn.go.com/mlb/playerratings/_/type/batting}",
  title = "MLB Player Ratings",
}
@article{pagerank,
  title={The PageRank citation ranking: bringing order to the web.},
  author={Page, Lawrence and Brin, Sergey and Motwani, Rajeev and Winograd, Terry},
  year={1999},
  publisher={Stanford InfoLab}
}
@article{hub_auth,
 author = {Kleinberg, Jon M.},
 title = {Hubs, authorities, and communities},
 journal = {ACM Comput. Surv.},
 issue_date = {Dec. 1999},
 volume = {31},
 number = {4es},
 month = dec,
 year = {1999},
 issn = {0360-0300},
 articleno = {5},
 url = {http://doi.acm.org/10.1145/345966.345982},
 doi = {10.1145/345966.345982},
 acmid = {345982},
 publisher = {ACM},
 address = {New York, NY, USA},
 keywords = {World Wide Web, graph algorithms, hypertext structure, link analysis},
} 

@article{HITS,
 author = {Kleinberg, Jon M.},
 title = {Authoritative sources in a hyperlinked environment},
 journal = {J. ACM},
 issue_date = {Sept. 1999},
 volume = {46},
 number = {5},
 month = sep,
 year = {1999},
 issn = {0004-5411},
 pages = {604--632},
 numpages = {29},
 url = {http://doi.acm.org/10.1145/324133.324140},
 doi = {10.1145/324133.324140},
 acmid = {324140},
 publisher = {ACM},
 address = {New York, NY, USA},
 keywords = {World Wide Web, graph algorithms, hypertext structure, link analysis},
} 

@inproceedings{mr_pr,
 author = {Lin, Jimmy and Schatz, Michael},
 title = {Design patterns for efficient graph algorithms in MapReduce},
 booktitle = {Proceedings of the Eighth Workshop on Mining and Learning with Graphs},
 series = {MLG '10},
 year = {2010},
 isbn = {978-1-4503-0214-2},
 location = {Washington, D.C.},
 pages = {78--85},
 numpages = {8},
 url = {http://doi.acm.org/10.1145/1830252.1830263},
 doi = {10.1145/1830252.1830263},
 acmid = {1830263},
 publisher = {ACM},
 address = {New York, NY, USA},
} 

@inproceedings{baseball1,
 author = {Tsai, Wei-Chin and Chen, Hua-Tsung and Gu, Hui-Zhen and Lee, Suh-Yin and Yu, Jen-Yu},
 title = {Baseball event semantic exploring system using HMM},
 booktitle = {Proceedings of the 17th international conference on Advances in multimedia modeling - Volume Part II},
 series = {MMM'11},
 year = {2011},
 isbn = {3-642-17828-6, 978-3-642-17828-3},
 location = {Taipei, Taiwan},
 pages = {315--325},
 numpages = {11},
 url = {http://dl.acm.org/citation.cfm?id=1950054.1950091},
 acmid = {1950091},
 publisher = {Springer-Verlag},
 address = {Berlin, Heidelberg},
 keywords = {classification step, hidden markov model, hitting baseball event, object detection, play region classification, semantic event, training step},
} 

@inproceedings{baseball2,
 author = {Huang, Yin-Fu and Huang, Jyun-Jhang},
 title = {Semantic event detection in baseball videos based on a multi-output hidden Markov model},
 booktitle = {Proceedings of the 2011 ACM Symposium on Applied Computing},
 series = {SAC '11},
 year = {2011},
 isbn = {978-1-4503-0113-8},
 location = {TaiChung, Taiwan},
 pages = {929--936},
 numpages = {8},
 url = {http://doi.acm.org/10.1145/1982185.1982390},
 doi = {10.1145/1982185.1982390},
 acmid = {1982390},
 publisher = {ACM},
 address = {New York, NY, USA},
 keywords = {HMM, MFCC, SVM, ZCR, audio/video, baseball video, broadcast, classification, event detection},
} 

@book{conv,
 editor = {Meyer, Carl D.},
 title = {Matrix analysis and applied linear algebra},
 year = {2000},
 isbn = {0-89871-454-0},
 publisher = {Society for Industrial and Applied Mathematics},
 address = {Philadelphia, PA, USA},
} 

@inproceedings{twitter1,
 author = {Yang, Chao and Harkreader, Robert and Zhang, Jialong and Shin, Seungwon and Gu, Guofei},
 title = {Analyzing spammers' social networks for fun and profit: a case study of cyber criminal ecosystem on twitter},
 booktitle = {Proceedings of the 21st international conference on World Wide Web},
 series = {WWW '12},
 year = {2012},
 isbn = {978-1-4503-1229-5},
 location = {Lyon, France},
 pages = {71--80},
 numpages = {10},
 url = {http://doi.acm.org/10.1145/2187836.2187847},
 doi = {10.1145/2187836.2187847},
 acmid = {2187847},
 publisher = {ACM},
 address = {New York, NY, USA},
 keywords = {ecosystem, online social network, spammer},
} 
@inproceedings{twitter2,
 author = {Ghosh, Saptarshi and Viswanath, Bimal and Kooti, Farshad and Sharma, Naveen Kumar and Korlam, Gautam and Benevenuto, Fabricio and Ganguly, Niloy and Gummadi, Krishna Phani},
 title = {Understanding and combating link farming in the twitter social network},
 booktitle = {Proceedings of the 21st international conference on World Wide Web},
 series = {WWW '12},
 year = {2012},
 isbn = {978-1-4503-1229-5},
 location = {Lyon, France},
 pages = {61--70},
 numpages = {10},
 url = {http://doi.acm.org/10.1145/2187836.2187846},
 doi = {10.1145/2187836.2187846},
 acmid = {2187846},
 publisher = {ACM},
 address = {New York, NY, USA},
 keywords = {collusionrank, link farming, pagerank, spam, twitter},
} 

@inproceedings{gamerank_baseball,
  title={GameRank: Ranking and Analyzing Baseball Network},
  author={Shan, Zifei and Li, Shiyingxue and Dai, Yafei},  
  booktitle = {Proceedings of 2012 ASE International Conference on Social Informatics},
  location = {Washington D.C., USA},
  year = {2012},
}
@article{chartier2011sports,
  title={Sports ranking with nonuniform weighting},
  author={Chartier, Timothy P and Kreutzer, Erich and Langville, Amy N and Pedings, Kathryn E and others},
  journal={Journal of Quantitative Analysis in Sports},
  volume={7},
  number={3},
  year={2011},
  publisher={Berkeley Electronic Press}
}
@article{govan2009offense,
  title={Offense-defense approach to ranking team sports},
  author={Govan, Anjela Y and Langville, Amy N and Meyer, Carl D},
  journal={Journal of Quantitative Analysis in Sports},
  volume={5},
  number={1},
  pages={1151},
  year={2009},
  publisher={Berkeley Electronic Press}
}
@article{sinuany1988ranking,
  title={Ranking of sports teams via the AHP},
  author={Sinuany-Stern, Zilla},
  journal={Journal of the Operational Research Society},
  pages={661--667},
  year={1988},
  publisher={JSTOR}
}

@article{cook1988heuristics,
  title={Heuristics for ranking players in a round robin tournament},
  author={Cook, Wade D and Golan, Igal and Kress, Moshe},
  journal={Computers \& operations research},
  volume={15},
  number={2},
  pages={135--144},
  year={1988},
  publisher={Elsevier}
}
@article{cook1990m,
  title={An m th generation model for weak ranking of players in a tournament},
  author={Cook, Wade D and Kress, Moshe},
  journal={Journal of the Operational Research Society},
  pages={1111--1119},
  year={1990},
  publisher={JSTOR}
}
@article{mchale2005football,
  title={Ranking football players},
  author={McHale, Ian and Scarf, Phil},
  journal={Significance},
  volume={2},
  number={2},
  pages={54--57},
  year={2005},
  publisher={Wiley Online Library}
}
@article{sueyoshi1999benchmark,
  title={A benchmark approach for baseball evaluation},
  author={Sueyoshi, Toshiyuki and Ohnishi, Kenji and Kinase, Youichi},
  journal={European Journal of Operational Research},
  volume={115},
  number={3},
  pages={429--448},
  year={1999},
  publisher={Elsevier}
}
@book{easley2010networks,
  title={Networks, crowds, and markets},
  author={Easley, David and Kleinberg, Jon},
  volume={8},
  year={2010},
  publisher={Cambridge Univ Press}
}
@article{newman2003structure,
  title={The structure and function of complex networks},
  author={Newman, Mark EJ},
  journal={SIAM review},
  volume={45},
  number={2},
  pages={167--256},
  year={2003},
  publisher={SIAM}
}
